@article{Berezutskaya2022,
  doi = {10.1038/s41597-022-01173-0},
  url = {https://doi.org/10.1038/s41597-022-01173-0},
  year = {2022},
  month = mar,
  publisher = {Springer Science and Business Media {LLC}},
  volume = {9},
  number = {1},
  author = {Julia Berezutskaya and Mariska J. Vansteensel and Erik J. Aarnoutse and Zachary V. Freudenburg and Giovanni Piantoni and Mariana P. Branco and Nick F. Ramsey},
  title = {Open multimodal {iEEG}-{fMRI} dataset from naturalistic stimulation with a short audiovisual film},
  journal = {Scientific Data}
}

@article{Zhumakova,
  title={Тайны человеческого мозга},
  author={Жумакова, ТА and Рыспекова, ШО and Жунистаев, ДД and Чурукова, НМ and Исаева, АМ and Алимкул, ИО},
  journal={Международный журнал прикладных и фундаментальных исследований},
  number={6-2},
  pages={230--232},
  year={2017},
  publisher={ООО Научно-издательский центр Академия Естествознания}
}

% Датасеты
@misc{misc_eeg_eye_state_264,
  author       = {Roesler,Oliver},
  title        = {{EEG Eye State}},
  year         = {2013},
  howpublished = {UCI Machine Learning Repository},
  note         = {{DOI}: https://doi.org/10.24432/C57G7J}
}

% Римонова геометрия
@inproceedings{barachant2010riemannian,
  title={Riemannian geometry applied to BCI classification},
  author={Barachant, Alexandre and Bonnet, St{\'e}phane and Congedo, Marco and Jutten, Christian},
  booktitle={International conference on latent variable analysis and signal separation},
  pages={629--636},
  year={2010},
  organization={Springer}
}

@article{teplan2002fundamentals,
  title={Fundamentals of EEG measurement},
  author={Teplan, Michal and others},
  journal={Measurement science review},
  volume={2},
  number={2},
  pages={1--11},
  year={2002}
}

@article{congedo2013new,
  title={A new generation of brain-computer interface based on riemannian geometry},
  author={Congedo, Marco and Barachant, Alexandre and Andreev, Anton},
  journal={arXiv preprint arXiv:1310.8115},
  year={2013}
}


@article{craik2019deep,
  title={Deep learning for electroencephalogram (EEG) classification tasks: a review},
  author={Craik, Alexander and He, Yongtian and Contreras-Vidal, Jose L},
  journal={Journal of neural engineering},
  volume={16},
  number={3},
  pages={031001},
  year={2019},
  publisher={IOP Publishing}
}

@article{siuly2016eeg,
  title={EEG signal analysis and classification},
  author={Siuly, Siuly and Li, Yan and Zhang, Yanchun},
  journal={IEEE Trans Neural Syst Rehabilit Eng},
  volume={11},
  pages={141--144},
  year={2016},
  publisher={Springer}
}

@article{beniczky2020electroencephalography,
  title={Electroencephalography: basic biophysical and technological aspects important for clinical applications},
  author={Beniczky, S{\'a}ndor and Schomer, Donald L},
  journal={Epileptic Disorders},
  volume={22},
  number={6},
  pages={697--715},
  year={2020},
  publisher={Wiley Online Library}
}