% Датасеты
@misc{misc_eeg_eye_state_264,
  author       = {Roesler,Oliver},
  title        = {{EEG Eye State}},
  year         = {2013},
  howpublished = {UCI Machine Learning Repository},
  note         = {{DOI}: https://doi.org/10.24432/C57G7J}
}

@article{schalk2004bci2000,
  title={BCI2000: a general-purpose brain-computer interface (BCI) system},
  author={Schalk, Gerwin and McFarland, Dennis J and Hinterberger, Thilo and Birbaumer, Niels and Wolpaw, Jonathan R},
  journal={IEEE Transactions on biomedical engineering},
  volume={51},
  number={6},
  pages={1034--1043},
  year={2004},
  publisher={IEEE}
}


% Применение ЭЭГ
@article{teplan2002fundamentals,
  title={Fundamentals of EEG measurement},
  author={Teplan, Michal and others},
  journal={Measurement science review},
  volume={2},
  number={2},
  pages={1--11},
  year={2002}
}

@article{siuly2016eeg,
  title={EEG signal analysis and classification},
  author={Siuly, Siuly and Li, Yan and Zhang, Yanchun},
  journal={IEEE Trans Neural Syst Rehabilit Eng},
  volume={11},
  pages={141--144},
  year={2016},
  publisher={Springer}
}

@article{beniczky2020electroencephalography,
  title={Electroencephalography: basic biophysical and technological aspects important for clinical applications},
  author={Beniczky, S{\'a}ndor and Schomer, Donald L},
  journal={Epileptic Disorders},
  volume={22},
  number={6},
  pages={697--715},
  year={2020},
  publisher={Wiley Online Library}
}


@article{smith2005eeg,
  title={EEG in the diagnosis, classification, and management of patients with epilepsy},
  author={Smith, Shelagh JM},
  journal={Journal of Neurology, Neurosurgery \& Psychiatry},
  volume={76},
  number={suppl 2},
  pages={ii2--ii7},
  year={2005},
  publisher={BMJ Publishing Group Ltd}
}

@article{gajic2014classification,
  title={Classification of EEG signals for detection of epileptic seizures based on wavelets and statistical pattern recognition},
  author={Gajic, Dragoljub and Djurovic, Zeljko and Di Gennaro, Stefano and Gustafsson, Fredrik},
  journal={Biomedical Engineering: Applications, Basis and Communications},
  volume={26},
  number={02},
  pages={1450021},
  year={2014},
  publisher={World Scientific}
}


% Методы классификации основанные на Римоновой геометрии
@inproceedings{barachant2010riemannian,
  title={Riemannian geometry applied to BCI classification},
  author={Barachant, Alexandre and Bonnet, St{\'e}phane and Congedo, Marco and Jutten, Christian},
  booktitle={International conference on latent variable analysis and signal separation},
  pages={629--636},
  year={2010},
  organization={Springer}
}

@article{barachant2011multiclass,
  title={Multiclass brain--computer interface classification by Riemannian geometry},
  author={Barachant, Alexandre and Bonnet, St{\'e}phane and Congedo, Marco and Jutten, Christian},
  journal={IEEE Transactions on Biomedical Engineering},
  volume={59},
  number={4},
  pages={920--928},
  year={2011},
  publisher={Ieee}
}
@article{moakher2005differential,
  title={A differential geometric approach to the geometric mean of symmetric positive-definite matrices},
  author={Moakher, Maher},
  journal={SIAM journal on matrix analysis and applications},
  volume={26},
  number={3},
  pages={735--747},
  year={2005},
  publisher={SIAM}
}

% pyriemann
@techreport{barachant2018pyriemann,
  title={pyRiemann documentation},
  author={Barachant, Alexandre},
  year={2018},
  institution={Tech. Rep. 0.2. 6, 2018.[Online]. Available: https://readthedocs. org~…}
}


% разобраться что это
